<record xmlns="http://www.loc.gov/MARC21/slim" xmlns:xsi="http://www.w3.org/2001/XMLSchema-instance" xsi:schemaLocation="http://www.loc.gov/MARC21/slim http://www.loc.gov/standards/marcxml/schema/MARC21slim.xsd"><leader>     nam a22        4500</leader><controlfield tag="001">3068180</controlfield><controlfield tag="003">NNC</controlfield><controlfield tag="006">m        d        </controlfield><controlfield tag="007">cr cn |||m|||a</controlfield><controlfield tag="008">150313s1947    ir      o     000 0 ara d</controlfield><datafield ind1=" " ind2=" " tag="040"><subfield code="a">NNU</subfield><subfield code="b">eng</subfield><subfield code="e">rda</subfield><subfield code="c">NNU</subfield></datafield><datafield ind1="0" ind2=" " tag="100"><subfield code="a">&#699;Ali&#772; ibn Abi&#772; T&#803;a&#772;lib,</subfield><subfield code="c">Caliph,</subfield><subfield code="d">600 (ca.)-661.</subfield></datafield><datafield ind1="1" ind2="0" tag="245"><subfield code="a">Muna&#772;ja&#772;t-i Haz&#804;rat-i Ami&#772;r,</subfield><subfield code="b">bi khat&#803;t&#803;-i Jina&#772;b-i Ashraf Qavzmu's-salt&#803;ana.</subfield></datafield><datafield ind1=" " ind2=" " tag="260"><subfield code="a">[Tihra&#772;n]</subfield><subfield code="b">Cha&#772;p-i Ta&#772;ba&#772;n,</subfield><subfield code="c">1326 [1947]</subfield></datafield><datafield ind1=" " ind2=" " tag="300"><subfield code="a">online resource (13 pages)</subfield></datafield><datafield ind1=" " ind2=" " tag="336"><subfield code="a">text</subfield><subfield code="2">rdacontent</subfield></datafield><datafield ind1=" " ind2=" " tag="337"><subfield code="a">computer</subfield><subfield code="2">rdamedia</subfield></datafield><datafield ind1=" " ind2=" " tag="338"><subfield code="a">online resource</subfield><subfield code="2">rdacarrier</subfield></datafield><datafield ind1=" " ind2=" " tag="500"><subfield code="a">Part of the Arabic Collections Online (ACO) project, contributed by Columbia University Libraries.</subfield></datafield><datafield ind1=" " ind2=" " tag="533"><subfield code="a">Electronic reproduction.</subfield><subfield code="b">New York, N.Y. :</subfield><subfield code="c">New York University,</subfield><subfield code="d">2015.</subfield><subfield code="5">NNU</subfield></datafield><datafield ind1="1" ind2=" " tag="700"><subfield code="a">Qava&#772;m, Ah&#803;mad,</subfield><subfield code="d">-1955.</subfield></datafield><datafield ind1="2" ind2=" " tag="710"><subfield code="a">Columbia University.</subfield><subfield code="b">Libraries.</subfield></datafield><datafield ind1="0" ind2=" " tag="730"><subfield code="a">Arabic Collections Online.</subfield></datafield><datafield ind1="0" ind2="8" tag="776"><subfield code="i">Print version:</subfield><subfield code="a">&#699;Ali&#772; ibn Abi&#772; T&#803;a&#772;lib, Caliph, 600 (ca.)-661.</subfield><subfield code="t">Muna&#772;ja&#772;t-i Haz&#804;rat-i Ami&#772;r</subfield><subfield code="w">(NNC)3068180</subfield><subfield code="w">(OCoLC)47806024</subfield></datafield><datafield ind1="4" ind2="0" tag="856"><subfield code="u">http://hdl.handle.net/2333.1/p5hqc228</subfield></datafield><datafield ind1=" " ind2=" " tag="959"><subfield code="a">NNU</subfield><subfield code="b">WEB</subfield><subfield code="c">GENI</subfield><subfield code="t">0</subfield><subfield code="m">Electronic access</subfield><subfield code="s">01</subfield></datafield><datafield ind1=" " ind2=" " tag="999"><subfield code="i">NNC_3068180</subfield><subfield code="o">(OCoLC)ocm47806024 </subfield><subfield code="s">columbia_aco000489</subfield><subfield code="e">(ERROR-880)</subfield></datafield></record>